@article{baur.1983.stability,
  title = {Stability of Life Satisfaction in Late Life},
  author = {Baur, P. A. and Okun, M. A.},
  date = {1983-06-01},
  journaltitle = {Gerontologist},
  shortjournal = {Gerontologist},
  volume = {23},
  number = {3},
  eprint = {6873694},
  eprinttype = {pubmed},
  pages = {261--265},
  issn = {0016-9013, 1758-5341},
  doi = {10.1093/geront/23.3.261},
  pagetotal = {7}
}

@book{bruni.2021.modern,
  title = {A Modern Guide to the Economics of Happiness},
  editor = {Bruni, Luigino and Smerilli, Alessandra and De Rosa, Dalila},
  date = {2021},
  series = {Elgar Modern Guides},
  publisher = {Edward Elgar Publishing},
  location = {Cheltenham, UK Northampton, MA, USA},
  isbn = {978-1-78897-876-7 978-1-78897-875-0},
  pagetotal = {314}
}

@article{cai.2007.was,
  title = {Was There Compression of Disability for Older {{Americans}} from 1992 to 2003?},
  author = {Cai, Liming and Lubitz, James},
  date = {2007-08-01},
  journaltitle = {Demography},
  shortjournal = {Demography},
  volume = {44},
  number = {3},
  pages = {479--495},
  issn = {0070-3370},
  doi = {10.1353/dem.2007.0022}
}

@article{cai.2010.estimation,
  title = {Estimation of Multi-State Life Table Functions and Their Variability from Complex Survey Data Using the {{SPACE}} Program},
  author = {Cai, Liming and Hayward, Mark D. and Saito, Yasuhiko and Lubitz, James and Hagedorn, Aaron and Crimmins, Eileen},
  date = {2010-01-26},
  journaltitle = {Demographic Research},
  shortjournal = {Demogr. Res.},
  volume = {22},
  number = {6},
  eprint = {20463842},
  eprinttype = {pubmed},
  pages = {129--158},
  issn = {1435-9871},
  doi = {10.4054/DemRes.2010.22.6}
}

@article{cai.2023.does,
  title = {Does Economic Growth Raise Happiness in {{China}}? {{A}} Comprehensive Reexamination},
  shorttitle = {Does Economic Growth Raise Happiness in {{China}}?},
  author = {Cai, Huajian and Yuan, Jingqi and Su, Zhan and Wang, Xiaoou and Huang, Zihang and Jing, Yiming and Yang, Ziyan},
  date = {2023-03},
  journaltitle = {Social Psychological and Personality Science},
  shortjournal = {Soc. Psychol. Pers. Sci.},
  volume = {14},
  number = {2},
  pages = {238--248},
  issn = {1948-5506, 1948-5514},
  doi = {10.1177/19485506221089804}
}

@book{centerforhealthyaginganddevelopmentstudies.2020.chinese,
  title = {The Chinese Longitudinal Healthy Longevity Survey({{CLHLS}})},
  author = {{Center for Healthy Aging and Development Studies}},
  date = {2020-01-01},
  publisher = {Peking University Open Research Data Platform},
  doi = {10.18170/DVN/WBO7LK}
}

@article{cheng.2021.sociodemographic,
  title = {Sociodemographic, Health-Related, and Social Predictors of Subjective Well-Being among Chinese Oldest-Old: A National Community-Based Cohort Study},
  shorttitle = {Sociodemographic, Health-Related, and Social Predictors of Subjective Well-Being among Chinese Oldest-Old},
  author = {Cheng, Gang and Yan, Yan},
  date = {2021-02-16},
  journaltitle = {BMC Geriatrics},
  shortjournal = {BMC Geriatr.},
  volume = {21},
  number = {1},
  eprint = {33593298},
  eprinttype = {pubmed},
  pages = {124},
  publisher = {BioMed Central},
  issn = {1471-2318},
  doi = {10.1186/s12877-021-02071-7}
}

@article{dong.2017.exploring,
  title = {Exploring the Link between Neighborhood Environment and Mental Wellbeing: A Case Study in Beijing, China},
  shorttitle = {Exploring the Link between Neighborhood Environment and Mental Wellbeing},
  author = {Dong, Hongwei and Qin, Bo},
  date = {2017-08-01},
  journaltitle = {Landscape and Urban Planning},
  shortjournal = {Landscape Urban Plann.},
  volume = {164},
  pages = {71--80},
  issn = {0169-2046},
  doi = {10.1016/j.landurbplan.2017.04.005}
}

@article{duan.2020.happy,
  title = {Happy Life Expectancy in {{China}}},
  author = {Duan, Yuanyuan and Chen, Wei},
  date = {2020-03},
  journaltitle = {China Population and Development Studies},
  shortjournal = {China Popul. Dev. Stud.},
  volume = {3},
  number = {3},
  pages = {218--236},
  publisher = {Springer; Springer Singapore},
  issn = {2096-448X, 2523-8965},
  doi = {10.1007/s42379-020-00046-6}
}

@article{dugoff.2014.generalizing,
  title = {Generalizing Observational Study Results: Applying Propensity Score Methods to Complex Surveys},
  shorttitle = {Generalizing Observational Study Results},
  author = {DuGoff, Eva H. and Schuler, Megan and Stuart, Elizabeth A.},
  date = {2014-02},
  journaltitle = {Health Services Research},
  shortjournal = {Health Serv. Res.},
  volume = {49},
  number = {1},
  pages = {284--303},
  issn = {0017-9124, 1475-6773},
  doi = {10.1111/1475-6773.12090}
}

@incollection{easterlin.1974.does,
  title = {Does Economic Growth Improve the Human Lot? {{Some}} Empirical Evidence},
  shorttitle = {Does Economic Growth Improve the Human Lot?},
  booktitle = {Nations and {{Households}} in {{Economic Growth}}},
  author = {Easterlin, Richard A.},
  editor = {David, Paul A. and Reder, Melvin W.},
  date = {1974-01-01},
  pages = {89--125},
  publisher = {Academic Press},
  doi = {10.1016/B978-0-12-205050-3.50008-7},
  isbn = {978-0-12-205050-3}
}

@incollection{easterlin.2003.happiness,
  title = {Happiness of Women and Men in Later Life: Nature, Determinants, and Prospects},
  booktitle = {Advances in {{Quality-of-Life Theory}} and {{Research}}},
  author = {Easterlin, Richard A.},
  date = {2003-01-01},
  pages = {13--25},
  publisher = {Springer, Dordrecht},
  doi = {10.1007/978-94-017-0387-1_2}
}

@article{easterlin.2012.chinas,
  title = {China's Life Satisfaction, 1990--2010},
  author = {Easterlin, Richard A. and Morgan, Robson and Switek, Malgorzata and Wang, Fei},
  date = {2012-06-19},
  journaltitle = {Proceedings of the National Academy of Sciences},
  shortjournal = {Proc. Natl. Acad. Sci.},
  volume = {109},
  number = {25},
  eprint = {22586096},
  eprinttype = {pubmed},
  pages = {9775--9780},
  publisher = {National Academy of Sciences; Proceedings of the National Academy of Sciences},
  issn = {0027-8424, 1091-6490},
  doi = {10.1073/pnas.1205672109}
}

@incollection{easterlin.2021.growth,
  title = {Growth and Happiness in {{China}}, 1990--2015},
  booktitle = {A {{Modern Guide}} to the {{Economics}} of {{Happiness}}},
  author = {Easterlin, Richard A. and Wang, Fei and Wang, Shun},
  editor = {Bruni, Luigino and Smerilli, Alessandra and De Rosa, Dalila},
  date = {2021-01-15},
  series = {Elgar Modern Guides},
  publisher = {Edward Elgar Publishing},
  location = {Cheltenham UK; Northampton MA},
  doi = {10.4337/9781788978767.00017},
  isbn = {978-1-78897-876-7 978-1-78897-875-0}
}

@article{feng.2024.gender,
  title = {Gender Differences in the Subjective Wellbeing of the Older Adults and the Determinant Factors: A Case Study of Nanjing},
  shorttitle = {Gender Differences in the Subjective Wellbeing of the Older Adults and the Determinant Factors},
  author = {Feng, Jianxi and Zheng, Min},
  date = {2024-08-30},
  journaltitle = {Frontiers in Public Health},
  shortjournal = {Front. Public Health},
  volume = {12},
  publisher = {Frontiers},
  issn = {2296-2565},
  doi = {10.3389/fpubh.2024.1447777}
}

@online{fries.1980.aging,
  type = {research-article},
  title = {Aging, Natural Death, and the Compression of Morbidity},
  author = {Fries, James F.},
  date = {1980-07-17},
  publisher = {Massachusetts Medical Society},
  doi = {10.1056/NEJM198007173030304},
  organization = {New England Journal of Medicine}
}

@article{ge.2025.mental,
  title = {Mental Health in {{China}}: Social Change in Life Course Trajectories},
  author = {Ge, Tingshuai and Leeuwen, Frans Johannes Van and Jiang, Quanbao and Leopold, Liliya},
  date = {2025-06-23},
  journaltitle = {Population And Development Review},
  shortjournal = {Popul. Dev. Rev.},
  volume = {51},
  number = {2},
  publisher = {Wiley},
  doi = {10.1111/padr.12684}
}

@article{george.2010.still,
  title = {Still Happy after All These Years: Research Frontiers on Subjective Well-Being in Later Life},
  author = {George, Linda K.},
  date = {2010-01-01},
  journaltitle = {The Journals of Gerontology: Series B},
  shortjournal = {J. Gerontol.: B},
  volume = {65B},
  number = {3},
  eprint = {20233742},
  eprinttype = {pubmed},
  pages = {331--339},
  publisher = {Oxford Academic},
  issn = {1079-5014},
  doi = {10.1093/geronb/gbq006}
}

@article{graham.2017.happiness,
  title = {Happiness and Health in {{China}}: The Paradox of Progress},
  shorttitle = {Happiness and Health in {{China}}},
  author = {Graham, Carol and Zhou, Shaojie and Zhang, Junyi},
  date = {2017-08},
  journaltitle = {World Development},
  shortjournal = {World Dev.},
  volume = {96},
  pages = {231--244},
  issn = {0305750X},
  doi = {10.1016/j.worlddev.2017.03.009}
}

@article{gruenberg.1977.failures,
  title = {The Failures of Success},
  author = {Gruenberg, Ernest M.},
  date = {1977},
  journaltitle = {Milbank Memorial Fund Quarterly. Health and Society},
  shortjournal = {Milbank Mem. Fund Q. Health Soc.},
  volume = {55},
  number = {1},
  eprint = {3349592},
  eprinttype = {jstor},
  pages = {3--24},
  publisher = {[Milbank Memorial Fund, Wiley]},
  issn = {0160-1997},
  doi = {10.2307/3349592}
}

@incollection{gu.2008.general,
  title = {General Data Quality Assessment of the {{CLHLS}}},
  booktitle = {Healthy {{Longevity}} in {{China}}},
  author = {Gu, Danan},
  date = {2008-01-01},
  pages = {39--60},
  publisher = {Springer, Dordrecht},
  doi = {10.1007/978-1-4020-6752-5_3}
}

@article{guo.2024.regional,
  title = {Regional Inequality in {{China}}'s Educational Development: An Urban-Rural Comparison},
  shorttitle = {Regional Inequality in {{China}}'s Educational Development},
  author = {Guo, Yuanzhi and Li, Xuhong},
  date = {2024-02},
  journaltitle = {Heliyon},
  shortjournal = {Heliyon},
  volume = {10},
  number = {4},
  eprint = {38379968},
  eprinttype = {pubmed},
  pages = {e26249},
  publisher = {Elsevier},
  issn = {24058440},
  doi = {10.1016/j.heliyon.2024.e26249}
}

@article{huang.2021.intergenerational,
  title = {Intergenerational Support and Subjective Wellbeing among Oldest-Old in {{China}}: The Moderating Role of Economic Status},
  shorttitle = {Intergenerational Support and Subjective Wellbeing among Oldest-Old in {{China}}},
  author = {Huang, Fanghong and Fu, Peipei},
  date = {2021-04-15},
  journaltitle = {BMC Geriatrics},
  shortjournal = {BMC Geriatr.},
  volume = {21},
  number = {1},
  pages = {252},
  issn = {1471-2318},
  doi = {10.1186/s12877-021-02204-y}
}

@article{jiao.2019.inequality,
  title = {Inequality of Healthy Life Expectancy for the Chinese Elderly and Its Trend},
  author = {Jiao, Kaishan},
  date = {2019-12},
  journaltitle = {The Journal of Chinese Sociology},
  shortjournal = {J. Chin. Sociol.},
  volume = {6},
  number = {1},
  pages = {22},
  publisher = {SpringerOpen},
  issn = {2198-2635},
  doi = {10.1186/s40711-019-0111-3}
}

@article{knight.2011.does,
  title = {Does Economic Growth Raise Happiness in {{China}}?},
  author = {Knight, John and Gunatilaka, Ramani},
  date = {2011-03},
  journaltitle = {Oxford Development Studies},
  shortjournal = {Oxf. Dev. Stud.},
  volume = {39},
  number = {1},
  pages = {1--24},
  publisher = {Routledge},
  issn = {1360-0818, 1469-9966},
  doi = {10.1080/13600818.2010.551006}
}

@article{kwok.2001.use,
  title = {The Use of Census Data for Determining Race and Education as {{SES}} Indicators: A Validation Study},
  author = {Kwok, R. K. and Yankaskas, B. C.},
  date = {2001-01-01},
  journaltitle = {Annals of Epidemiology},
  shortjournal = {Ann. Epidemiol.},
  volume = {11},
  number = {3},
  eprint = {11293403},
  eprinttype = {pubmed},
  pages = {171--177},
  issn = {1047-2797},
  doi = {10.1016/S1047-2797(00)00205-2}
}

@article{li.2014.time,
  title = {The Time Trend of Life Satisfaction in {{China}}},
  author = {Li, Jiayuan and Raine, John W.},
  date = {2014-04},
  journaltitle = {Social Indicators Research},
  shortjournal = {Social Indic. Res.},
  volume = {116},
  number = {2},
  pages = {409--427},
  publisher = {Springer; Springer Netherlands},
  issn = {0303-8300, 1573-0921},
  doi = {10.1007/s11205-013-0300-4}
}

@article{link.1995.social,
  title = {Social Conditions as Fundamental Causes of Disease},
  author = {Link, B. G. and Phelan, J.},
  date = {1995},
  journaltitle = {Journal of Health and Social Behavior},
  shortjournal = {J. Health Soc. Behav.},
  volume = {Spec No},
  eprint = {7560851},
  eprinttype = {pubmed},
  pages = {80--94},
  issn = {0022-1465}
}

@article{liu.2019.are,
  title = {Are China's Oldest-Old Living Longer with Less Disability? {{A}} Longitudinal Modeling Analysis of Birth Cohorts Born 10 Years Apart},
  shorttitle = {Are China's Oldest-Old Living Longer with Less Disability?},
  author = {Liu, Zuyun and Han, Ling and Feng, Qiushi and Dupre, Matthew E. and Gu, Danan and Allore, Heather G. and Gill, Thomas M. and Payne, Collin F.},
  date = {2019-12},
  journaltitle = {BMC Medicine},
  shortjournal = {BMC Med.},
  volume = {17},
  number = {1},
  eprint = {30704529},
  eprinttype = {pubmed},
  pages = {23},
  publisher = {BioMed Central},
  issn = {1741-7015},
  doi = {10.1186/s12916-019-1259-z}
}

@article{lucas.2018.shortterm,
  title = {The Short-Term Stability of Life Satisfaction Judgments},
  author = {Lucas, Richard E. and Freedman, Vicki A. and Cornman, Jennifer C.},
  date = {2018-01-01},
  journaltitle = {Emotion},
  shortjournal = {Emotion},
  volume = {18},
  number = {7},
  pages = {1024},
  issn = {1931-1516}
}

@article{minagawa.2022.trends,
  title = {Trends in Happy Life Expectancy in {{Russia}}, 1994-2015},
  author = {Minagawa, Yuka},
  date = {2022-01-01},
  journaltitle = {SSM - Population Health},
  shortjournal = {SSM - Popul. Health},
  volume = {17},
  eprint = {34984222},
  eprinttype = {pubmed},
  pages = {101005},
  publisher = {Elsevier},
  issn = {2352-8273},
  doi = {10.1016/j.ssmph.2021.101005}
}

@book{nationalbureauofstatisticsofchina.2023.china,
  title = {China Statistical Yearbook (2023)},
  author = {{National Bureau of Statistics of China}},
  date = {2023},
  publisher = {China Statistics Press},
  url = {http://www.stats.gov.cn/english/Statisticaldata/}
}

@article{nemitz.2022.increasing,
  title = {Increasing Longevity and Life Satisfaction: Is There a Catch to Living Longer?},
  author = {Nemitz, Janina},
  date = {2022-01-01},
  journaltitle = {Journal of Population Economics},
  shortjournal = {J. Popul. Econ.},
  volume = {35},
  number = {2},
  pages = {557--589},
  publisher = {Springer; Springer Berlin Heidelberg},
  issn = {1432-1475},
  doi = {10.1007/s00148-021-00836-3}
}

@article{payne.2019.expansion,
  title = {Expansion of Disability across Successive Mexican Birth Cohorts: A Longitudinal Modelling Analysis of Birth Cohorts Born 10 Years Apart},
  shorttitle = {Expansion of Disability across Successive Mexican Birth Cohorts},
  author = {Payne, Collin F and Wong, Rebeca},
  date = {2019-10},
  journaltitle = {Journal of Epidemiology and Community Health},
  shortjournal = {J. Epidemiol. Community Health},
  volume = {73},
  number = {10},
  eprint = {31326892},
  eprinttype = {pubmed},
  pages = {900--905},
  publisher = {BMJ Publishing Group Ltd},
  issn = {0143-005X, 1470-2738},
  doi = {10.1136/jech-2019-212245}
}

@article{payne.2022.expansion,
  title = {Expansion, Compression, Neither, Both? {{Divergent}} Patterns in Healthy, Disability-Free, and Morbidity-Free Life Expectancy across {{U}}.{{S}}. Birth Cohorts, 1998--2016},
  shorttitle = {Expansion, Compression, Neither, Both?},
  author = {Payne, Collin F.},
  date = {2022-06-01},
  journaltitle = {Demography},
  shortjournal = {Demography},
  volume = {59},
  number = {3},
  eprint = {35522071},
  eprinttype = {pubmed},
  pages = {949--973},
  publisher = {Duke University Press},
  issn = {0070-3370, 1533-7790},
  doi = {10.1215/00703370-9938662}
}

@article{perenboom.2004.trends,
  title = {Trends in Life Expectancy in Wellbeing},
  author = {Perenboom, R.J.M. and family=Herten, given=L. M., prefix=van, useprefix=true and Boshuizen, H. C. and family=Bos, given=G.A.M., prefix=van den, useprefix=true},
  date = {2004-01-01},
  journaltitle = {Social Indicators Research},
  shortjournal = {Social Indic. Res.},
  volume = {65},
  number = {2},
  pages = {227--244},
  publisher = {Springer; Kluwer Academic Publishers},
  issn = {1573-0921},
  doi = {10.1023/A:1025822024481}
}

@book{rcoreteam.2023.language,
  title = {R: {{A}} Language and Environment for Statistical Computing},
  author = {{R Core Team}},
  date = {2023},
  publisher = {R Foundation for Statistical Computing},
  location = {Vienna, Austria},
  url = {https://www.R-project.org/}
}

@article{rowe.1997.successful,
  title = {Successful Aging},
  author = {Rowe, J. W. and Kahn, R. L.},
  date = {1997-08-01},
  journaltitle = {Gerontologist},
  shortjournal = {Gerontologist},
  volume = {37},
  number = {4},
  pages = {433--440},
  issn = {0016-9013, 1758-5341},
  doi = {10.1093/geront/37.4.433}
}

@article{sanders.1964.measuring,
  title = {Measuring Community Health Levels},
  author = {Sanders, Barkev S.},
  date = {1964-01-01},
  journaltitle = {American Journal of Public Health and the Nations Health},
  shortjournal = {Am. J. Public Health Nations Health},
  volume = {54},
  number = {7},
  pages = {10631070},
  publisher = {American Public Health Association},
  issn = {0002-9572}
}

@book{sasinstituteinc..2016.sas,
  title = {{{SAS}}/{{STAT}}\textregistered{} 14.2 {{User}}'s {{Guide}}},
  author = {{SAS Institute Inc.}},
  date = {2016},
  publisher = {SAS Institute Inc.},
  location = {Cary, NC}
}

@article{shen.2023.disability,
  title = {Disability and Morbidity among {{US}} Birth Cohorts, 1998--2018: A Multidimensional Test of Dynamic Equilibrium Theory},
  shorttitle = {Disability and Morbidity among {{US}} Birth Cohorts, 1998--2018},
  author = {Shen, Tianyu and Payne, Collin F.},
  date = {2023-12},
  journaltitle = {SSM - Population Health},
  shortjournal = {SSM - Popul. Health},
  volume = {24},
  pages = {101528},
  issn = {23528273},
  doi = {10.1016/j.ssmph.2023.101528}
}

@article{shen.2025.changing,
  title = {Changing Educational Attainment as a Driver of Cohort Changes in Healthy Longevity: A Decomposition Analysis of {{US}} Birth Cohorts},
  shorttitle = {Changing Educational Attainment as a Driver of Cohort Changes in Healthy Longevity},
  author = {Shen, Tianyu and Van Raalte, Alyson and Payne, Collin F},
  date = {2025-03-27},
  journaltitle = {American Journal of Epidemiology},
  shortjournal = {Am. J. Epidemiol.},
  pages = {kwaf066},
  issn = {0002-9262, 1476-6256},
  doi = {10.1093/aje/kwaf066}
}

@article{thewhoqolgroup.1998.development,
  title = {Development of the World Health Organization {{WHOQOL-BREF}} Quality of Life Assessment},
  author = {{The WHOQOL Group}},
  date = {1998-01-01},
  journaltitle = {Psychological Medicine},
  shortjournal = {Psychol. Med.},
  edition = {1998/05/01},
  volume = {28},
  number = {3},
  pages = {551--558},
  publisher = {Cambridge University Press},
  issn = {0033-2917},
  url = {https://www.cambridge.org/core/product/0F50596B33A1ABD59A6605C44A6A8F30}
}

@report{unitednations.2024.world,
  title = {World Population Prospects 2024},
  author = {{United Nations}},
  date = {2024-07},
  number = {UN DESA/POP/2024/DC/NO. 10},
  institution = {{Department of Economic and Social Affairs, Population Division}},
  location = {New York},
  url = {https://population.un.org/wpp/},
  urldate = {2025-05-20}
}

@incollection{veenhoven.1996.study,
  title = {The Study of Life-Satisfaction},
  booktitle = {A {{Comparative Study}} of {{Satisfaction}} with {{Life}} in {{Europe}}},
  author = {Veenhoven, Ruut},
  editor = {Saris, Willem E. and Veenhoven, Ruut and Scherpenzeel, Annette C. and Bunting, Brendan and Others},
  date = {1996-01-01},
  eprint = {1765/16311},
  eprinttype = {hdl},
  publisher = {BudapestEotvos University Press},
  url = {http://hdl.handle.net/1765/16311}
}

@article{wan.2024.socioeconomic,
  title = {Socioeconomic Differences in Happy Life Expectancy among Older Adults in {{China}}},
  author = {Wan, Yunxiang and Jiang, Leiwen},
  date = {2024-10},
  journaltitle = {Journal of Happiness Studies},
  shortjournal = {J. Happiness Stud.},
  volume = {25},
  number = {7},
  pages = {87},
  publisher = {Springer; Springer Netherlands},
  issn = {1389-4978, 1573-7780},
  doi = {10.1007/s10902-024-00789-w}
}

@article{wang.2020.gap,
  title = {The Gap between Urban and Rural Development Levels Narrowed},
  author = {Wang, Mou and Kang, Wenmei and Zhang, Ruiying and Xia, Jianhong (Cecilia)},
  date = {2020-09-28},
  journaltitle = {Complexity},
  shortjournal = {Complexity},
  volume = {2020},
  number = {1},
  pages = {1--10},
  publisher = {John Wiley \& Sons, Ltd},
  issn = {1099-0526, 1076-2787},
  doi = {10.1155/2020/4615760}
}

@inbook{wang.2023.hierarchical,
  title = {A Hierarchical Age-Period-Cohort Analysis of Social Change and Happiness},
  booktitle = {Study on {{Quality}} of {{Life}} of {{Chinese Residents}} with {{Social Change}}},
  author = {Wang, Peigang},
  date = {2023},
  pages = {129--145},
  publisher = {Springer Nature Singapore},
  location = {Singapore},
  doi = {10.1007/978-981-99-2221-5_8},
  bookauthor = {Wang, Peigang},
  isbn = {978-981-99-2220-8 978-981-99-2221-5}
}

@article{wu.2017.income,
  title = {Income Inequality, Economic Growth, and Subjective Well-Being: Evidence from {{China}}},
  shorttitle = {Income Inequality, Economic Growth, and Subjective Well-Being},
  author = {Wu, Xiaogang and Li, Jun},
  date = {2017-12},
  journaltitle = {Research in Social Stratification and Mobility},
  shortjournal = {Res. Soc. Stratif. Mobil.},
  volume = {52},
  pages = {49--58},
  issn = {02765624},
  doi = {10.1016/j.rssm.2017.10.003}
}

@article{yang.2008.long,
  title = {Long and Happy Living: Trends and Patterns of Happy Life Expectancy in the {{U}}.{{S}}., 1970--2000},
  shorttitle = {Long and Happy Living},
  author = {Yang, Yang},
  date = {2008-12},
  journaltitle = {Social Science Research},
  shortjournal = {Soc. Sci. Res.},
  volume = {37},
  number = {4},
  eprint = {19227700},
  eprinttype = {pubmed},
  pages = {1235--1252},
  issn = {0049089X},
  doi = {10.1016/j.ssresearch.2007.07.004}
}

@article{yang.2010.increment,
  title = {Increment--Decrement Life Table Estimates of Happy Life Expectancy for the {{U}}.{{S}}. Population},
  author = {Yang, Yang and Waliji, Muhammad},
  date = {2010-01-01},
  journaltitle = {Population Research and Policy Review},
  shortjournal = {Popul. Res. Policy Rev.},
  volume = {29},
  number = {6},
  pages = {775--795},
  publisher = {Springer; Springer Netherlands},
  issn = {1573-7829},
  doi = {10.1007/s11113-009-9162-5}
}

@article{yang.2024.gender,
  title = {The Gender Happiness Gap in {{China}}: Composition Effect or Coefficient Effect?},
  author = {Yang, Jidong and Zeng, Yunqi and Wang, Xianghong},
  date = {2024-01-01},
  journaltitle = {Feminist Economics},
  shortjournal = {Fem. Econ.},
  volume = {30},
  number = {1},
  pages = {70--105},
  publisher = {Routledge},
  issn = {1354-5701},
  doi = {10.1080/13545701.2023.2279212}
}

@book{yi.2008.healthy,
  title = {Healthy Longevity in {{China}}: Demographic, Socioeconomic, and Psychological Dimensions},
  shorttitle = {Healthy Longevity in {{China}}},
  editor = {Yi, Zeng and Poston, Dudley L. and Vlosky, Denese Ashbaugh and Gu, Danan},
  editora = {Land, Kenneth C.},
  editoratype = {redactor},
  date = {2008},
  series = {The {{Springer Series}} on {{Demographic Methods}} and {{Population Analysis}}},
  volume = {20},
  publisher = {Springer Netherlands},
  location = {Dordrecht},
  doi = {10.1007/978-1-4020-6752-5},
  isbn = {978-1-4020-6751-8 978-1-4020-6752-5}
}

@incollection{zeng.2008.introduction,
  title = {Introduction to the Chinese Longitudinal Healthy Longevity Survey ({{CLHLS}})},
  booktitle = {Healthy {{Longevity}} in {{China}}},
  author = {Zeng, Yi},
  date = {2008-01-01},
  pages = {23--38},
  publisher = {Springer, Dordrecht},
  doi = {10.1007/978-1-4020-6752-5_2}
}

@article{zhang.2022.trends,
  title = {Trends of Healthy Life Expectancy of the Elderly in {{China}} in 1994--2015: Revisiting from the Perspective of Morbidity Transition},
  shorttitle = {Trends of Healthy Life Expectancy of the Elderly in {{China}} in 1994--2015},
  author = {Zhang, Zhen and Dong, Junhan and Zhao, Chenyuan and Li, Qiang},
  date = {2022-01-05},
  journaltitle = {Frontiers in Public Health},
  shortjournal = {Front. Public Health},
  volume = {9},
  eprint = {35071160},
  eprinttype = {pubmed},
  pages = {774205},
  publisher = {Frontiers},
  issn = {2296-2565},
  doi = {10.3389/fpubh.2021.774205}
}

@article{zhao.2023.chinas,
  title = {China's Aging Population: A Review of Living Arrangement, Intergenerational Support, and Wellbeing},
  shorttitle = {China's Aging Population},
  author = {Zhao, Litao},
  date = {2023-10-09},
  journaltitle = {Health Care Science},
  shortjournal = {Health Care Sci.},
  volume = {2},
  number = {5},
  eprint = {38938584},
  eprinttype = {pubmed},
  pages = {317--327},
  issn = {2771-1749},
  doi = {10.1002/hcs2.64},
  pmcid = {PMC11080716}
}

@article{zhu.2023.changing,
  title = {Changing Times and Subjective Well-Being in Urban China 2003--2013: An Age-Period-Cohort Approach - Xiaoling Shu, Jingjing Chen, Yifei Zhu, 2023},
  shorttitle = {Changing Times and Subjective Well-Being in Urban China 2003--2013},
  author = {Zhu, Jingjing Chen,Yifei, Xiaoling Shu},
  date = {2023-07-12},
  journaltitle = {Chinese Journal of Sociology},
  shortjournal = {Chin. J. Sociol.},
  url = {https://journals.sagepub.com/doi/full/10.1177/2057150X231180022},
  urldate = {2025-07-10}
}

@article{zimmer.2021.are,
  title = {Are Older Persons in {{China}} Living More Years in an Independent Living Arrangement? {{Estimates}} Using Multistate Life Tables},
  shorttitle = {Are Older Persons in {{China}} Living More Years in an Independent Living Arrangement?},
  author = {Zimmer, Zachary and Chiu, Chi-Tsun},
  date = {2021-04-01},
  journaltitle = {Demography},
  shortjournal = {Demography},
  volume = {58},
  number = {2},
  eprint = {33834226},
  eprinttype = {pubmed},
  pages = {739--762},
  publisher = {Duke University Press},
  issn = {0070-3370, 1533-7790},
  doi = {10.1215/00703370-8996307}
}
